symbol,ACA.PA,ACA.PA,ACA.PA,ACA.PA,AI.PA,AI.PA,AI.PA,AI.PA,AIR.PA,AIR.PA,AIR.PA,AIR.PA,BN.PA,BN.PA,BN.PA,BN.PA,BNP.PA,BNP.PA,BNP.PA,BNP.PA,CS.PA,CS.PA,CS.PA,CS.PA,DG.PA,DG.PA,DG.PA,DG.PA,DSY.PA,DSY.PA,DSY.PA,DSY.PA,EL.PA,EL.PA,EL.PA,EL.PA,KER.PA,KER.PA,KER.PA,KER.PA,MC.PA,MC.PA,MC.PA,MC.PA,OR.PA,OR.PA,OR.PA,OR.PA,RI.PA,RI.PA,RI.PA,RI.PA,RMS.PA,RMS.PA,RMS.PA,RMS.PA,SAF.PA,SAF.PA,SAF.PA,SAF.PA,SAN.PA,SAN.PA,SAN.PA,SAN.PA,STLAM.MI,STLAM.MI,STLAM.MI,STLAM.MI,STMPA.PA,STMPA.PA,STMPA.PA,STMPA.PA,SU.PA,SU.PA,SU.PA,SU.PA,TTE.PA,TTE.PA,TTE.PA,TTE.PA
asOfDate,2020-12-31 00:00:00,2021-12-31 00:00:00,2022-12-31 00:00:00,2023-12-31 00:00:00,2020-12-31 00:00:00,2021-12-31 00:00:00,2022-12-31 00:00:00,2023-12-31 00:00:00,2020-12-31 00:00:00,2021-12-31 00:00:00,2022-12-31 00:00:00,2023-12-31 00:00:00,2020-12-31 00:00:00,2021-12-31 00:00:00,2022-12-31 00:00:00,2023-12-31 00:00:00,2020-12-31 00:00:00,2021-12-31 00:00:00,2022-12-31 00:00:00,2023-12-31 00:00:00,2019-12-31 00:00:00,2020-12-31 00:00:00,2021-12-31 00:00:00,2022-12-31 00:00:00,2020-12-31 00:00:00,2021-12-31 00:00:00,2022-12-31 00:00:00,2023-12-31 00:00:00,2020-12-31 00:00:00,2021-12-31 00:00:00,2022-12-31 00:00:00,2023-12-31 00:00:00,2020-12-31 00:00:00,2021-12-31 00:00:00,2022-12-31 00:00:00,2023-12-31 00:00:00,2020-12-31 00:00:00,2021-12-31 00:00:00,2022-12-31 00:00:00,2023-12-31 00:00:00,2020-12-31 00:00:00,2021-12-31 00:00:00,2022-12-31 00:00:00,2023-12-31 00:00:00,2020-12-31 00:00:00,2021-12-31 00:00:00,2022-12-31 00:00:00,2023-12-31 00:00:00,2020-06-30 00:00:00,2021-06-30 00:00:00,2022-06-30 00:00:00,2023-06-30 00:00:00,2020-12-31 00:00:00,2021-12-31 00:00:00,2022-12-31 00:00:00,2023-12-31 00:00:00,2020-12-31 00:00:00,2021-12-31 00:00:00,2022-12-31 00:00:00,2023-12-31 00:00:00,2020-12-31 00:00:00,2021-12-31 00:00:00,2022-12-31 00:00:00,2023-12-31 00:00:00,2020-12-31 00:00:00,2021-12-31 00:00:00,2022-12-31 00:00:00,2023-12-31 00:00:00,2020-12-31 00:00:00,2021-12-31 00:00:00,2022-12-31 00:00:00,2023-12-31 00:00:00,2020-12-31 00:00:00,2021-12-31 00:00:00,2022-12-31 00:00:00,2023-12-31 00:00:00,2020-12-31 00:00:00,2021-12-31 00:00:00,2022-12-31 00:00:00,2023-12-31 00:00:00
currencyCode,EUR,EUR,EUR,EUR,EUR,EUR,EUR,EUR,EUR,EUR,EUR,EUR,EUR,EUR,EUR,EUR,EUR,EUR,EUR,EUR,EUR,EUR,EUR,EUR,EUR,EUR,EUR,EUR,EUR,EUR,EUR,EUR,EUR,EUR,EUR,EUR,EUR,EUR,EUR,EUR,EUR,EUR,EUR,EUR,EUR,EUR,EUR,EUR,EUR,EUR,EUR,EUR,EUR,EUR,EUR,EUR,EUR,EUR,EUR,EUR,EUR,EUR,EUR,EUR,EUR,EUR,EUR,EUR,USD,USD,USD,USD,EUR,EUR,EUR,EUR,USD,USD,USD,USD
NetIncome,2692000000.0,5844000000.0,5306000000.0,6348000000.0,2435100000.0,2572200000.0,2758800000.0,3078000000.0,-1133000000.0,4213000000.0,4247000000.0,3789000000.0,1956000000.0,1924000000.0,959000000.0,881000000.0,7067000000.0,9488000000.0,9848000000.0,10975000000.0,3857000000.0,3164000000.0,7294000000.0,6675000000.0,1242000000.0,2597000000.0,4259000000.0,4702000000.0,491000000.0,773700000.0,931500000.0,1050900000.0,85000000.0,1448000000.0,2152000000.0,2289000000.0,2150400000.0,3176000000.0,3614000000.0,2983000000.0,4702000000.0,12036000000.0,14084000000.0,15174000000.0,3563400000.0,4597100000.0,5706600000.0,6184000000.0,329000000.0,1305000000.0,1996000000.0,2262000000.0,1385000000.0,2445000000.0,3367000000.0,4311000000.0,352000000.0,43000000.0,-2459000000.0,3444000000.0,12294000000.0,6223000000.0,8371000000.0,5400000000.0,2173000000.0,14200000000.0,16799000000.0,18596000000.0,1106000000.0,2000000000.0,3960000000.0,4211000000.0,2126000000.0,3204000000.0,3477000000.0,4003000000.0,-7242000000.0,16032000000.0,20526000000.0,21384000000.0
TotalRevenue,18015000000.0,21397000000.0,20646000000.0,23455000000.0,20485200000.0,23334800000.0,29934000000.0,27607600000.0,49912000000.0,52149000000.0,58763000000.0,65446000000.0,23620000000.0,24281000000.0,27661000000.0,27619000000.0,52285000000.0,56355000000.0,57477000000.0,59735000000.0,124942000000.0,102897000000.0,111692000000.0,93083000000.0,44118000000.0,50230000000.0,62514000000.0,69885000000.0,4452200000.0,4860100000.0,5665200000.0,5951400000.0,14429000000.0,19820000000.0,24494000000.0,25395000000.0,13100200000.0,17645000000.0,20351000000.0,19566000000.0,44651000000.0,64215000000.0,79183000000.0,86153000000.0,27992100000.0,32287600000.0,38260600000.0,41182500000.0,8448000000.0,8824000000.0,10701000000.0,12137000000.0,6389000000.0,8981000000.0,11601000000.0,13427000000.0,16631000000.0,15133000000.0,19523000000.0,23651000000.0,37369000000.0,39175000000.0,45389000000.0,46444000000.0,47656000000.0,149419000000.0,179592000000.0,189544000000.0,10219000000.0,12761000000.0,16128000000.0,17286000000.0,25159000000.0,28905000000.0,34176000000.0,35902000000.0,119704000000.0,184634000000.0,263310000000.0,218945000000.0
